% !TeX root = Report.tex
%%%%%%%%%%%%%%%%%%%%%%%%%%%%%%%%%%%%
%% Introduction References

@misc{NDA2007,
author = {Whan , D and Jackson , J and Thornton, N},
howpublished = {Nuclear Decommissioning Authority},
title = {{Calder Hall Nuclear Power Station Feasibility Study}},
year = {2007}
}

@misc{WNA2014,
author = {World Nuclear Association},
title = {Nuclear Power in the United Kingdom},
howpublished = {\url{http://www.world-nuclear.org/info/Country-Profiles/Countries-T-Z/United-Kingdom/}},
year = {2014},
note = {(Visited on 28/04/2014)}
}

@misc{EDF2012,
author = {EDF Energy Holdings Limited},
title = {{Annual Report and Financial Statements}},
year = {2012}
}

@misc{Birmingham2012,
author = {Birmingham Policy Commission},
howpublished = {University of Birmingham},
title = {{The Future of Nuclear Energy in the UK}},
year = {2012}
}

@misc{CEGB1980,
author = {The Monopolies and Mergers Commission},
howpublished = {Her Majesty's Stationery Office, London},
title = {{Central Electricity Generating Board: A Report on the operation by the Board of its system for the generation and supply of electricity in bulk}},
year = {1980}
}

@misc{WP2003,
author = {Department of Trade and Industry},
howpublished = {Her Majesty's Stationery Office, London},
title = {{Energy White Paper: Our energy future - creating a low carbon economy}},
year = {2003}
}

@misc{WP2007,
author = {Department of Trade and Industry},
howpublished = {Her Majesty's Stationery Office, London},
title = {{Meeting the Energy Challenge: A White Paper on Energy}},
year = {2007}
}

@misc{WP2008,
author = {Department for Business Enterprise and Regulatory Reform},
howpublished = {Her Majesty's Stationery Office, London},
title = {{Meeting the Energy Challenge: A White Paper on Nuclear Power}},
year = {2008}
}

@misc{Factsheet2010,
author = {House of Commons Information Office},
howpublished = {Factsheet L1 Legislation Series},
title = {{Parliamentary Stages of a Government Bill}},
year = {2010}
}

@misc{GovPress2014,
author = {Prime Minister's Office},
howpublished = {\url{https://www.gov.uk/government/news/pm-and-chancellor-welcome-36-billion-infrastructure-projects}},
title = {{PM and Chancellor welcome \pounds36 billion infrastructure projects}},
year = {2014},
note = {(Visited on 29/04/2014)}
}

@book{OED,
  title={Concise Oxford English Dictionary},
  author={Stevenson, A. and Waite, M.},
  series={Concise Oxford English Dictionary},
  year={2011},
  publisher={OUP Oxford}
}

@article{BERR2008,
  title={Meeting the Energy Challenge},
  author={Hsu, David H},
  journal={Management Science},
  volume={52},
  number={2},
  pages={204--219},
  year={2006},
  publisher={INFORMS}
}

@misc{AlstomGridInfo,
author = {Alstom},
howpublished = {\url{http://www.alstom.com/Global/Grid/Resources/Documents/Alstom\%20Grid\%20Brochure\%20ENG.pdf}},
title = {{Introducing Alstom Grid}},
year = {2011},
note = {(Visited on 03/05/2014)}
}

@misc{AlstomGulf,
author = {Majed Almajed},
howpublished = {\url{http://www.alstom.com/Global/Group/Resources/Documents/Factsheets/Saudi\%20Arabia\%20factsheet.pdf}},
title = {{Alstom in Saudi Arabia}},
year = {2013},
note = {(Visited on 03/05/2014)}
}

@misc{AlstomRio,
author = {Alstom Press Centre},
howpublished = {\url{http://www.alstom.com/press-centre/2012/3/83403/}},
title = {{Alstom Gridâ€™s 600 kV Ultra High Voltage Direct Current converter transformer en route from Stafford to Brazil}},
year = {2012},
note = {(Visited on 03/05/2014)}
}

@misc{AlstomAreva,
author = {Alstom Press Centre},
howpublished = {\url{http://www.alstom.com/press-centre/2010/6/Grid-acquisition/}},
title = {{Alstom creates a third Sector, Alstom Grid, with the acquisition of the transmission business of Areval}},
year = {2012},
note = {(Visited on 03/05/2014)}
}

@misc{ClimateChangeAct08,
author = {UK Government},
howpublished = {Her Majesty's Stationery Office, London},
title = {{Climate Change Act}},
year = {2008}
}

@misc{NetworkStrategyGroup,
author = {Electricity Networks Strategy Group},
howpublished = {\url{https://www.gov.uk/government/uploads/system/uploads/attachment_data/file/48275/4264-ensg-summary.pdf}},
title = {OUR ELECTRICITY TRANSMISSION NETWORK: A VISION FOR 2020},
year = {2012}
}

@misc{DesertTec,
author = {Joel Stonington},
howpublished = {\url{http://www.spiegel.de/international/europe/the-desertec-solar-energy-project-has-run-into-trouble-a-867077.html}},
title = {Quagmire in the Sahara: Desertec's Promise of Solar Power for Europe Fades},
year = {2012},
note = {(Visited on 03/05/2014)}
}


@misc{NationalGrid75,
author = {National Grid},
howpublished = {\url{http://www.nationalgrid75.com/wp-content/uploads/75-years_FINAL.pdf}},
title = {{National Grid at 75: Celebrating 75 years of electricity transmission}},
year = {2010},
note = {(Visited on 03/05/2014)}
}

