@article{kekale2007successful,
  title={Successful innovations from an established company},
  author={Kek{\"a}le, Tauno and Kola-Nystr{\"o}m, Sari},
  journal={Business Strategy Series},
  volume={8},
  number={2},
  pages={109--115},
  year={2007},
  publisher={Emerald Group Publishing Limited}
}

@article{ansoff1957strategies,
  title={Strategies for diversification},
  author={Ansoff, H Igor},
  journal={Harvard business review},
  volume={35},
  number={5},
  pages={113--124},
  year={1957}
}

@book{johnson2008exploring,
  title={Exploring corporate strategy: Text and cases},
  author={Johnson, Gerry and Scholes, Kevan and Whittington, Richard},
  year={2008},
  publisher={Pearson Education}
}

@misc{DominoFactsheet,
author        = {{Domino Printing Sciences PLC}},
title = {Company Information - Factsheet},
month = {Feb},
year = {2014},
howpublished={\url{http://www.domino-printing.com/Global/en/AboutDomino/Factsheet/Factsheet.aspx}}
}

@techreport{DominoAnnual,
author        = {{Domino Printing Sciences PLC}},
  title         = "{Annual Report and Financial Statements 2013}",
  institution   = "{Domino Printing Sciences PLC}",
  year          = "2013"
}

@article {SMJ:SMJ82,
author = {Palich, Leslie E. and Cardinal, Laura B. and Miller, C. Chet},
title = {Curvilinearity in the diversificationâ€“performance linkage: an examination of over three decades of research},
journal = {Strategic Management Journal},
volume = {21},
number = {2},
publisher = {John Wiley & Sons, Ltd.},
issn = {1097-0266},
%url = {http://dx.doi.org/10.1002/(SICI)1097-0266(200002)21:2<155::AID-SMJ82>3.0.CO;2-2},
%doi = {10.1002/(SICI)1097-0266(200002)21:2<155::AID-SMJ82>3.0.CO;2-2},
pages = {155--174},
keywords = {diversification, performance, corporate strategy, curvilinearity},
year = {2000},
}


@article {SMJ:SMJ334,
author = {Mayer, Michael and Whittington, Richard},
title = {Diversification in context: a cross-national and cross-temporal extension},
journal = {Strategic Management Journal},
volume = {24},
number = {8},
publisher = {John Wiley & Sons, Ltd.},
issn = {1097-0266},
%url = {http://dx.doi.org/10.1002/smj.334},
%doi = {10.1002/smj.334},
pages = {773--781},
keywords = {diversification, performance, replication, Europe},
year = {2003},
}
