%%%%%%%%%%%%%%%%%%%%%%%%%%%%%%%%%%%%
%% Introduction References

@article{kekale2007successful,
  title={Successful innovations from an established company},
  author={Kek{\"a}le, Tauno and Kola-Nystr{\"o}m, Sari},
  journal={Business Strategy Series},
  volume={8},
  number={2},
  pages={109--115},
  year={2007},
  publisher={Emerald Group Publishing Limited}
}

@article{zahra1996technology,
  title={Technology strategy and new venture performance: a study of corporate-sponsored and independent biotechnology ventures},
  author={Zahra, Shaker A},
  journal={Journal of Business venturing},
  volume={11},
  number={4},
  pages={289--321},
  year={1996},
  publisher={Elsevier}
}

@MISC{NestFactsheet,
author = {Nest Labs},
title = {Company Fact Sheet},
month = feb,
year = {2014},
url = {https://nest.com/downloads/nest_corporate_fact_sheet.pdf}
note = {Accessed 11/03/2014 09:29GMT}
}

https://nest.com/downloads/nest_corporate_fact_sheet.pdf

http://www.reuters.com/article/2014/01/13/us-google-nest-idUSBREA0C1HP20140113